<record><leader>00000cas a22000007a 4500</leader><controlfield tag="001">30379085</controlfield><controlfield tag="008">940504d19031932nyudn ne      0    0eng d</controlfield><controlfield tag="009">550</controlfield><datafield ind1=" " ind2=" " tag="010"><subfield code="a">sn 94057567 </subfield></datafield><datafield ind1=" " ind2=" " tag="040"><subfield code="a">NYS</subfield><subfield code="b">eng</subfield><subfield code="c">NYS</subfield><subfield code="d">OCLCQ</subfield></datafield><datafield ind1="1" ind2=" " tag="029"><subfield code="a">AU@</subfield><subfield code="b">000025902933</subfield></datafield><datafield ind1=" " ind2=" " tag="042"><subfield code="a">msc</subfield></datafield><datafield ind1="0" ind2="4" tag="245"><subfield code="a">The Medina daily journal.</subfield></datafield><datafield ind1=" " ind2=" " tag="260"><subfield code="a">Medina, N.Y. :</subfield><subfield code="b">Baker &amp; Benson</subfield></datafield><datafield ind1=" " ind2=" " tag="300"><subfield code="a">v.</subfield></datafield><datafield ind1=" " ind2=" " tag="310"><subfield code="a">Daily (except Sunday)</subfield></datafield><datafield ind1="0" ind2=" " tag="362"><subfield code="a">Vol. 1, no. 1 (Feb. 2, 1903)-v. 29, no. 318 (Jan. 20, 1932).</subfield></datafield><datafield ind1=" " ind2="4" tag="651"><subfield code="a">Medina (N.Y.)</subfield><subfield code="v">Newspapers.</subfield></datafield><datafield ind1=" " ind2=" " tag="752"><subfield code="a">United States</subfield><subfield code="b">New York</subfield><subfield code="c">Orleans</subfield><subfield code="d">Medina.</subfield></datafield><datafield ind1="0" ind2="7" tag="785"><subfield code="t">Medina register</subfield><subfield code="w">(DLC)sn 88074109</subfield></datafield><datafield ind1="0" ind2="7" tag="785"><subfield code="t">Medina daily journal and Medina register</subfield><subfield code="w">(DLC)sn 91066521</subfield><subfield code="w">(OCoLC)23716048</subfield></datafield></record>